<?xml version="1.0" encoding="utf-8"?>
<record xmlns="http://www.loc.gov/MARC21/slim" xmlns:xsi="http://www.w3.org/2001/XMLSchema-instance" xsi:schemaLocation="http://www.loc.gov/MARC21/slim http://www.loc.gov/standards/marcxml/schema/MARC21slim.xsd">
	<leader>     nam a22     Mi 4500</leader>
	<controlfield tag="001">901146</controlfield>
	<controlfield tag="003">NjP</controlfield>
	<controlfield tag="006">m        d        </controlfield>
	<controlfield tag="007">cr cn |||m|||a</controlfield>
	<controlfield tag="008">180814m19909999ir ah   ob    000 0 ara d</controlfield>
	<datafield ind1="7" ind2=" " tag="024">
		<subfield code="a">princeton_aco001252</subfield>
		<subfield code="2">local</subfield>
	</datafield>
	<datafield ind1=" " ind2=" " tag="040">
		<subfield code="a">ZYU</subfield>
		<subfield code="b">eng</subfield>
		<subfield code="c">ZYU</subfield>
	</datafield>
	<datafield ind1=" " ind2="4" tag="050">
		<subfield code="a">BP193.A44</subfield>
		<subfield code="b">T33 1990</subfield>
	</datafield>
	<datafield ind1="1" ind2=" " tag="100">
		<subfield code="6">880-01</subfield>
		<subfield code="a">Āghā Buzurg al-Ṭihrānī, Muḥammad Muḥsin,</subfield>
		<subfield code="d">1875-1970.</subfield>
	</datafield>
	<datafield ind1="1" ind2="0" tag="245">
		<subfield code="6">880-02</subfield>
		<subfield code="a">Ṭabaqāt aʻlām al-Shīʻah</subfield>
		<subfield code="h">[electronic resource] /</subfield>
		<subfield code="c">taʾlīf Āghā Buzurg al-Ṭihrānī ; taḥqīq ʻAlī Naqī Munzawī.</subfield>
	</datafield>
	<datafield ind1=" " ind2=" " tag="250">
		<subfield code="6">880-03</subfield>
		<subfield code="a">al-Ṭabʻah 2.</subfield>
	</datafield>
	<datafield ind1=" " ind2=" " tag="260">
		<subfield code="6">880-04</subfield>
		<subfield code="a">Qum :</subfield>
		<subfield code="b">Muʾassasat Ismāʻīlīyān,</subfield>
		<subfield code="c">[199]- </subfield>
	</datafield>
	<datafield ind1=" " ind2=" " tag="300">
		<subfield code="a">online resource (v. in) :</subfield>
		<subfield code="b">ill., facsims.</subfield>
	</datafield>
	<datafield ind1="1" ind2=" " tag="490">
		<subfield code="6">880-05</subfield>
		<subfield code="a">Min turāthinā ;</subfield>
		<subfield code="v">1</subfield>
	</datafield>
	<datafield ind1=" " ind2=" " tag="500">
		<subfield code="a">Part of the Arabic Collections Online (ACO) project, contributed by Princeton University Libraries.</subfield>
	</datafield>
	<datafield ind1=" " ind2=" " tag="504">
		<subfield code="a">Includes bibliographical references.</subfield>
	</datafield>
	<datafield ind1="1" ind2=" " tag="505">
		<subfield code="a">al-mujallad 1. al-Qarn al-rābiʻ, wa-huwa, Nawābigh al-ruwāt fī rābiʻah al-miʾāt -- al-mujallad 2. al-Qarn al-khāmis wa-al-sādis, wa-huwa, al-Nābis fī al-qarn al-khāmis [wa] Thaqāt al-ʻuyūn fī sādis al-qurūn -- al-mujallad 3. al-Qarn al-sābiʻ wa-al-thāmin, [wa-huwa] al-Anwār al-sāṭiʻah fī al-miʾah al-sābiʻah, [wa] al-Ḥaqāʾiq al-rāhinah fī al-miʾah al-thāminah -- al-mujallad 4. al-Qarn al-tāsiʻ wa-al-ʻāshir, [wa-huwa], al-Diyāʾ al-lāmiḥ fī al-qarn al-tāsiʻ [wa] Iḥyāʾ al-dāthir min al-qarn al-ʻāshir -- al-mujallad 5. al-Qarn al-ḥādī ʻashar -- al-mujallad 6. al-Kawākib al-muntashirah fī al-qarn al-thānī baʻda al-ʻasharah.</subfield>
	</datafield>
	<datafield ind1=" " ind2=" " tag="533">
		<subfield code="a">Electronic reproduction.</subfield>
		<subfield code="b">New York, N.Y. :</subfield>
		<subfield code="c">New York University,</subfield>
		<subfield code="d">2018.</subfield>
		<subfield code="5">NNU</subfield>
	</datafield>
	<datafield ind1=" " ind2="0" tag="650">
		<subfield code="a">Shiites</subfield>
		<subfield code="x">Biography.</subfield>
	</datafield>
	<datafield ind1="1" ind2=" " tag="700">
		<subfield code="6">880-06</subfield>
		<subfield code="a">Munzavī, ʻAlī Naqī.</subfield>
	</datafield>
	<datafield ind1="2" ind2=" " tag="710">
		<subfield code="a">Princeton University.</subfield>
		<subfield code="b">Library.</subfield>
	</datafield>
	<datafield ind1="0" ind2=" " tag="730">
		<subfield code="a">Arabic Collections Online.</subfield>
	</datafield>
	<datafield ind1="0" ind2="8" tag="776">
		<subfield code="i">Print version:</subfield>
		<subfield code="a">Āghā Buzurg al-Ṭihrānī, Muḥammad Muḥsin, 1875-1970.</subfield>
		<subfield code="t">Ṭabaqāt aʻlām al-Shīʻah</subfield>
		<subfield code="w">(NjP)901146</subfield>
	</datafield>
	<datafield ind1=" " ind2="0" tag="830">
		<subfield code="6">880-07</subfield>
		<subfield code="a">Min turāthinā ;</subfield>
		<subfield code="v">1.</subfield>
	</datafield>
	<datafield ind1="4" ind2="0" tag="856">
		<subfield code="u">http://hdl.handle.net/2333.1/f4qrfqt9</subfield>
	</datafield>
	<datafield ind1="1" ind2=" " tag="880">
		<subfield code="6">100-01</subfield>
		<subfield code="a">آغا بزرگ الطهرانى، محمد محسن،‎‎‎</subfield>
		<subfield code="d">1875-1970.</subfield>
	</datafield>
	<datafield ind1="1" ind2="0" tag="880">
		<subfield code="6">245-02</subfield>
		<subfield code="a">طبقات أعلام الشيعة /‎‎‎</subfield>
		<subfield code="c">تأليف آغا بزرگ الطهرانى؛ تحقيق على نقى منزوى.‎‎‎</subfield>
	</datafield>
	<datafield ind1=" " ind2=" " tag="880">
		<subfield code="6">250-03</subfield>
		<subfield code="a">الطبعة 2.‎‎‎</subfield>
	</datafield>
	<datafield ind1=" " ind2=" " tag="880">
		<subfield code="6">260-04</subfield>
		<subfield code="a">قم :‎‎‎</subfield>
		<subfield code="b">مؤسسة اسماعيليان،‎‎‎</subfield>
		<subfield code="c">[199]- </subfield>
	</datafield>
	<datafield ind1="1" ind2=" " tag="880">
		<subfield code="6">490-05</subfield>
		<subfield code="a">من تراثنا ؛‎‎‎</subfield>
		<subfield code="v">1</subfield>
	</datafield>
	<datafield ind1="1" ind2=" " tag="880">
		<subfield code="6">700-06</subfield>
		<subfield code="a">منزوى، على نقى.‎‎‎</subfield>
	</datafield>
	<datafield ind1=" " ind2="0" tag="880">
		<subfield code="6">830-07</subfield>
		<subfield code="a">من تراثنا ؛‎‎‎</subfield>
		<subfield code="v">1.</subfield>
	</datafield>
	<datafield ind1=" " ind2=" " tag="911">
		<subfield code="a">19950105</subfield>
	</datafield>
	<datafield ind1=" " ind2=" " tag="912">
		<subfield code="a">19941219000000.0</subfield>
	</datafield>
	<datafield ind1=" " ind2=" " tag="959">
		<subfield code="a">NNU</subfield>
		<subfield code="b">WEB</subfield>
		<subfield code="c">GENI</subfield>
		<subfield code="t">0</subfield>
		<subfield code="m">Electronic access</subfield>
		<subfield code="s">01</subfield>
	</datafield>
	<datafield ind1=" " ind2=" " tag="999">
		<subfield code="i">NjP_901146</subfield>
		<subfield code="s">princeton_aco001252:mujallad 1</subfield>
		<subfield code="s">princeton_aco001254:mujallad 2</subfield>
		<subfield code="s">princeton_aco001253:mujallad 3</subfield>
		<subfield code="s">princeton_aco001256:mujallad 4</subfield>
		<subfield code="s">princeton_aco001255:mujallad 5</subfield>
		<subfield code="e">(ERROR-880)(ERROR-MISC)</subfield>
		<subfield code="s">princeton_aco001252:mujallad 1</subfield>
		<subfield code="s">princeton_aco001254:mujallad 2</subfield>
		<subfield code="s">princeton_aco001253:mujallad 3</subfield>
		<subfield code="s">princeton_aco001256:mujallad 4</subfield>
		<subfield code="s">princeton_aco001255:mujallad 5</subfield>
	</datafield>
</record>
